@misc{muni_kybernetika,
  title   = {Kybernetika, Virtuální realita},
  url     = {https://is.muni.cz/el/1421/jaro2010/VIKBA06/um/},
  journal = {Informační systém Masarykovy univerzity},
  author  = {IS MUNI},
  year    = {2010}
}

@misc{timeline_historyofvr,
  title  = {Virtuální realita: Historie prvních kroků },
  url    = {https://otechnice.cz/virtualni-realita-historie-prvnich-kroku/},
  author = {Petr Bílek},
  year   = {2021},
  month  = {Apr}
}

@misc{ivan_sutherland_bio,
  title     = {Ivan Sutherland - A.M. Turing Award Laureate},
  url       = {https://amturing.acm.org/award_winners/sutherland_3467412.cfm},
  publisher = {Association for Computing Machinery},
  author    = {Burton, Robert}
} 

@misc{xr_disambiguation,
  title   = {What’s the difference between AR, VR, and MR?},
  url     = {https://www.fi.edu/en/difference-between-ar-vr-and-mr},
  journal = {The Franklin Institute},
  author  = {Gupton, Nancy and Kiger, Patrick J.},
  year    = {2017},
  month   = {Sep}
}

@misc{metaverse_dictionary,
  title   = {"Metaverse"},
  url     = {https://dictionary.cambridge.org/dictionary/english/metaverse},
  journal = {Cambridge Dictionary},
  author  = {\relax Cambridge University Press},
  year    = {2023},
  month   = {Dec}
} 

@book{Rheingold_1992,
  title     = {Virtual reality: The revolutionary technology of computer-generated artificial worlds and how it promises to Transform Society},
  publisher = {Simon \& Schuster},
  author    = {Rheingold, Howard},
  year      = {1992}
} 

@patent{sensorama_patent,
  author = {Morton L Hellig},
  title  = {Sensorama simulator},
  number = {US3050870A},
  year   = {1961}
}